<record><leader>00000cas a22000007a 4500</leader><controlfield tag="001">12565444</controlfield><controlfield tag="008">850917c19149999wiuwr ne      0   a0eng d</controlfield><datafield ind1=" " ind2=" " tag="010"><subfield code="a">sn 85006277 </subfield></datafield><datafield ind1=" " ind2=" " tag="040"><subfield code="a">NSD</subfield><subfield code="b">eng</subfield><subfield code="c">NSD</subfield><subfield code="d">NPV</subfield><subfield code="d">NSD</subfield><subfield code="d">OCLCQ</subfield></datafield><datafield ind1=" " ind2=" " tag="012"><subfield code="l">1</subfield><subfield code="m">1</subfield></datafield><datafield ind1="1" ind2=" " tag="022"><subfield code="a">0885-0798</subfield><subfield code="l">0885-0798</subfield><subfield code="2">1</subfield></datafield><datafield ind1=" " ind2=" " tag="032"><subfield code="a">082560</subfield><subfield code="b">USPS</subfield></datafield><datafield ind1=" " ind2=" " tag="037"><subfield code="b">The Cadott Sentinel, Box 76, Cadott, WI 54729</subfield></datafield><datafield ind1=" " ind2=" " tag="042"><subfield code="a">nsdp</subfield></datafield><datafield ind1=" " ind2="4" tag="222"><subfield code="a">The Cadott sentinel</subfield></datafield><datafield ind1="0" ind2="4" tag="245"><subfield code="a">The Cadott sentinel.</subfield></datafield><datafield ind1="3" ind2="0" tag="246"><subfield code="a">Sentinel</subfield></datafield><datafield ind1="1" ind2="7" tag="246"><subfield code="a">Courier-Sentinel</subfield></datafield><datafield ind1=" " ind2=" " tag="260"><subfield code="a">Cadott Wis. :</subfield><subfield code="b">M.R. Stewart,</subfield><subfield code="c">1914-</subfield></datafield><datafield ind1=" " ind2=" " tag="300"><subfield code="a">v.</subfield></datafield><datafield ind1=" " ind2=" " tag="310"><subfield code="a">Weekly</subfield></datafield><datafield ind1="0" ind2=" " tag="362"><subfield code="a">Old vol. 23, no. 10 (Apr. 10, 1914)-Old v. 27, no. 52 (Aug. 30, 1918) = New vol. 1, no. 1 -v. 6, no. 31; v. 6, no. 32 (Sept. 5, 1918)-</subfield></datafield><datafield ind1=" " ind2=" " tag="500"><subfield code="a">Publisher varies.</subfield></datafield><datafield ind1=" " ind2=" " tag="500"><subfield code="a">Editors: W.H. Brovald, June 4, 1954-Aug. 18, 1966; D. Anderson, April 4, 1974-May 27, 1976; L.J. Prine, June 3, 1976-Aug. 11, 1977; M. Lucas, Aug. 18, 1977-Juy 13, 1978; L.L. Eklund, Aug. 24, 1978-Aug. 14, 1980; M. Robarge, Sept. 11, 1980-</subfield></datafield><datafield ind1=" " ind2=" " tag="530"><subfield code="a">Available on microfilm from the State Historical Society of Wisconsin.</subfield></datafield><datafield ind1=" " ind2=" " tag="752"><subfield code="a">United States</subfield><subfield code="b">Wisconsin</subfield><subfield code="c">Chippewa</subfield><subfield code="d">Cadott.</subfield></datafield><datafield ind1="0" ind2="0" tag="780"><subfield code="t">Cadott blade</subfield><subfield code="w">(OCoLC)12430116</subfield></datafield><datafield ind1="1" ind2=" " tag="029"><subfield code="a">AU@</subfield><subfield code="b">000025810956</subfield></datafield></record>